% sebisa mungkin buat citation key yang mudah diingat dan dibaca untuk memudahkan
% sitasi dan referencing, misalnya untuk kedua contoh di bawah memiliki format berikut:
% <1st-author-lastname>:<year>:<keyword-from-title>

@book{knuth:2001:art,
  title = {The Art of Computer Programming: Fundamental Algorithms},
  author = {Knuth, D.E.},
  number = {v. 1},
  isbn = {9780201896831},
  year = {2001},
  publisher = {Addison-Wesley},
}
@inproceedings{vogels:2006:web,
  author = {W. Vogels},
  booktitle = {2006 IEEE International Conference on Services Computing (SCC'06)
               },
  title = {Web Services at Amazon.com},
  year = {2006},
  pages = {22--24},
  keywords = {Distributed computing;Technological innovation;Web services},
  doi = {10.1109/SCC.2006.116},
  month = {Sept},
}
@book{Gao_Tsao_Wu_2003,
  title = {Testing and quality assurance for component-based software},
  publisher = {Artech House},
  author = {Gao, Jerry and Tsao, H.-S J. and Wu, Ye},
  year = {2003},
} 
